% Bibliography of key references for "LaTeX for Thesis and Large Documents"
% For use with BibTeX

@inproceedings{devlin2018bert,
   title = "{BERT}:\ {P}re-training of Deep Bidirectional Transformers for Language Understanding",
    author = "Devlin, Jacob  and
      Chang, Ming-Wei  and
      Lee, Kenton  and
      Toutanova, Kristina",
    booktitle = "Proceedings of the 2019 Conference of the North {A}merican Chapter of the Association for Computational Linguistics:\ Human Language Technologies, Volume 1 (Long and Short Papers)",
    month = jun,
    year = "2019",
    address = "Minneapolis, Minnesota",
    pages = "4171--4186",
}

@inproceedings{zhao2010term,
  title={Term necessity prediction},
  author={Zhao, Le and Callan, Jamie},
  booktitle={Proceedings of the 19th ACM international conference on Information and knowledge management},
  pages={259--268},
  year={2010},
  organization={ACM}
}

@article{deerwester1990indexing,
  title={Indexing by latent semantic analysis},
  author={Deerwester, Scott and Dumais, Susan T and Furnas, George W and Landauer, Thomas K and Harshman, Richard},
  journal={Journal of the American society for information science},
  volume={41},
  number={6},
  pages={391--407},
  year={1990},
  publisher={Wiley Online Library}
}

@inproceedings{guo2016deep,
  title={A deep relevance matching model for ad-hoc retrieval},
  author={Guo, Jiafeng and Fan, Yixing and Ai, Qingyao and Croft, W Bruce},
  booktitle={Proceedings of the 25th ACM International on Conference on Information and Knowledge Management},
  pages={55--64},
  year={2016},
  organization={ACM}
}

@inproceedings{mikolov2013distributed,
  title={Distributed representations of words and phrases and their compositionality},
  author={Mikolov, Tomas and Sutskever, Ilya and Chen, Kai and Corrado, Greg S and Dean, Jeff},
  booktitle={Advances in neural information processing systems},
  pages={3111--3119},
  year={2013}
}

@inproceedings{pennington2014glove,
  title={Glove: Global vectors for word representation},
  author={Pennington, Jeffrey and Socher, Richard and Manning, Christopher},
  booktitle={Proceedings of the 2014 conference on empirical methods in natural language processing (EMNLP)},
  pages={1532--1543},
  year={2014}
}

@article{peters2018deep,
  title={Deep contextualized word representations},
  author={Peters, Matthew E and Neumann, Mark and Iyyer, Mohit and Gardner, Matt and Clark, Christopher and Lee, Kenton and Zettlemoyer, Luke},
  journal={arXiv preprint arXiv:1802.05365},
  year={2018}
}

@article{radford2019language,
  title={Language models are unsupervised multitask learners},
  author={Radford, Alec and Wu, Jeffrey and Child, Rewon and Luan, David and Amodei, Dario and Sutskever, Ilya}
}

@article{nogueira2019passage,
  title         = {Passage Re-ranking with {BERT}},
  author        = {Nogueira, Rodrigo and Cho, Kyunghyun},
  year          = 2019,
  journal       = {arXiv:1901.04085}
}

@inproceedings{Cormack:2009:RRF:1571941.1572114,
 author = {Cormack, Gordon V. and Clarke, Charles L A and Buettcher, Stefan},
 title = {Reciprocal Rank Fusion Outperforms Condorcet and Individual Rank Learning Methods},
 booktitle = {Proceedings of the 32Nd International ACM SIGIR Conference on Research and Development in Information Retrieval},
 series = {SIGIR '09},
 year = {2009},
 isbn = {978-1-60558-483-6},
 location = {Boston, MA, USA},
 pages = {758--759},
 numpages = {2},
 url = {http://doi.acm.org/10.1145/1571941.1572114},
 doi = {10.1145/1571941.1572114},
 acmid = {1572114},
 publisher = {ACM},
 address = {New York, NY, USA},
 keywords = {aggregation, fusion, ranking},
}

@article{yang2019simple,
  title={Simple applications of bert for ad hoc document retrieval},
  author={Yang, Wei and Zhang, Haotian and Lin, Jimmy},
  journal={arXiv preprint arXiv:1903.10972},
  year={2019}
}

@article{manning2010introduction,
  title="Introduction to information retrieval",
  author="Manning, Christopher and Raghavan, Prabhakar and Sch{\"u}tze, Hinrich",
  journal="Natural Language Engineering",
  volume="16",
  number="1",
  pages="100--103",
  year="2010",
  publisher="Cambridge university press"
}

@inproceedings{Yang_etal_SIGIR2019,
   author = "Wei Yang and Kuang Lu and Peilin Yang and Jimmy Lin",
   title = "Critically Examining the ``Neural Hype'':\ {Weak} Baselines and the Additivity of Effectiveness Gains from Neural Ranking Models",
   booktitle = "Proceedings of the 42nd Annual International ACM SIGIR Conference on Research and Development in Information Retrieval (SIGIR 2019)",
   address = "Paris, France",
   year = 2019,
   pages = "1129--1132",
}
}